@misc{unknown2018c,
  title = {Arduino-based Library for Dragino Lora Shield v1.4 https://github.com/arduino-org/arduinolibrary-lora-node-shield, Last visit},
  date = {2018-10-10},
  language = {}
}

@misc{some,
author= "M. Coates and A. Hero and R. Nowak and B. Yu",
title= "Internet Tomography",
month= may,
year= "2002",
note = {\url{http://www.qqq.com}, 15.12.2019}}
}

@Book{abramowitz+stegund,
 author    = "Milton Abramowitz and Irene A. {Stegun}",
 title     = "Handbook of Mathematical Functions with
              Formulas, Graphs, and Mathematical Tables",
 publisher = "Dover",
 edition   = "ninth Dover printing, tenth GPO printing"
}

